@book{gctsxyl,
  author={任晓丹 and 冯德成},
  title={工程弹塑性力学引论},
  address={北京},
  publisher={科学出版社},
  year={2023}
}
